<?xml version="1.0" encoding="UTF-8"?><collection xmlns="http://www.loc.gov/MARC21/slim"><record><leader>00365nam--2200145-i-4500</leader><controlfield tag="001">000037985</controlfield><controlfield tag="002">20161230</controlfield><controlfield tag="005">20161230201041</controlfield><controlfield tag="008">060222s1000------------r-----000-0-eng-d</controlfield><datafield ind1=" " ind2=" " tag="080"><subfield code="a">51(082.1):530.12</subfield></datafield><datafield ind1=" " ind2=" " tag="100"><subfield code="a">Rainich,G.Y</subfield></datafield><datafield ind1=" " ind2=" " tag="245"><subfield code="a">Mathematics of relativity</subfield></datafield><datafield ind1=" " ind2=" " tag="260"><subfield code="a">New York,John Wiley, 1950. Vii + 173  P</subfield></datafield><datafield ind1=" " ind2=" " tag="490"><subfield code="a">Applied Math.Series</subfield></datafield><datafield ind1=" " ind2=" " tag="852"><subfield code="a">3227</subfield></datafield></record></collection>